@article {bezanson2017julia,
  author       = { J.~Bezanson and others },
  title        = { {Julia: A Fresh Approach to Numerical Computing} },
  journal      = { SIAM Review },
  year         = 2017,
  pages        = { 65--98 },
  volume       = 59,
  number       = 1
}

@inproceedings {ekstrand2020lenskit,
  author       = { M.~D.~Ekstrand },
  title        = { {LensKit for Python: Next-Generation Software for Recommender Systems Experiments} },
  booktitle    = { {Proceedings of the 29th ACM International Conference on Information \& Knowledge Management} },
  year         = 2020,
  pages        = { 2999--3006 }
}

@inproceedings {gantner2011mymedialite,
  author       = { Z.~Gantner and others },
  title        = { {MyMediaLite: A Free Recommender System Library} },
  booktitle    = { Proceedings of RecSys 2011 },
  year         = 2011,
  pages        = { 305--308 }
}

@inproceedings {guo2015librec,
  author       = { G.~Guo and others },
  title        = { {LibRec: A Java Library for Recommender Systems} },
  booktitle    = { {UMAP} Workshops },
  year         = 2015,
  volume       = 4,
}

@article {harper2015movielens,
  author       = { F.~M.~Harper and J.~A.~Konstan },
  title        = { {The MovieLens Datasets: History and Context} },
  journal      = { ACM Transactions on Interactive Intelligent Systems },
  year         = 2015,
  pages        = { 1--19 },
  volume       = 5,
  number       = 4,
}

@inproceedings {ni2019justifying,
  author       = { J.~Ni and others },
  title        = { {Justifying Recommendations using Distantly-Labeled Reviews and Fine-Grained Aspects} },
  booktitle    = { {Proceedings of the 2019 Conference on Empirical Methods in Natural Language Processing and the 9th International Joint Conference on Natural Language Processing (EMNLP-IJCNLP)} },
  year         = 2019,
  pages        = { 188--197 }
}

@inproceedings {Cantador:RecSys2011,
  author       = { I.~Cantador and others },
  title        = { {2nd Workshop on Information Heterogeneity and Fusion in Recommender Systems (HetRec 2011)} },
  booktitle    = { {Proceedings of RecSys 2011} },
  year         = 2011,
}

@article {Goldberg1992,
  author       = { D.~Goldberg and others },
  title        = { {Using Collaborative Filtering to Weave an Information Tapestry} },
  journal      = { Communications of the ACM },
  year         = 1992,
  pages        = { 61--70 },
  month        = December,
  volume       = 35,
  number       = 12
}

@inproceedings {Sarwar2001,
  author       = { B.~Sarwar and others },
  title        = { {Item-Based Collaborative Filtering Recommendation Algorithms} },
  booktitle    = { Proceedings of WWW 2001 },
  year         = 2001,
  pages        = { 285--295 },
  month        = April
}

@inproceedings {Herlocker1999,
  author       = { J.~L.~Herlocker and others },
  title        = { {An Algorithmic Framework for Performing Collaborative Filtering} },
  booktitle    = { Proceedings of SIGIR 1999 },
  year         = 1999,
  pages        = { 230--237 },
  month        = August
}

@article {Deshpande2004,
  author       = { M.~Deshpande and G.~Karypis },
  title        = { {Item-Based Top-N Recommendation Algorithms} },
  journal      = { ACM Transactions on Information Systems },
  year         = 2004,
  pages        = { 143--177 },
  month        = January,
  volume       = 22,
  number       = 1
}

@article {Sarwar2000,
  author       = { B.~M.~Sarwar and others },
  title        = { {Application of Dimensionality Reduction in Recommender System -- A Case Study} },
  journal      = { ACM WebKDD 2000 Workshop },
  year         = 2000,
  month        = August
}

@article {Koren2009,
  author       = { Y.~Koren and others },
  title        = { {Matrix Factorization Techniques for Recommender Systems} },
  journal      = { Computer },
  year         = 2009,
  pages        = { 30--37 },
  month        = August,
  volume       = 42,
  number       = 8
}

@misc {Funk2006,
  author       = { S.~Funk },
  title        = { {Netflix Update: Try This at Home} },
  howpublished = { \url{http://sifter.org/~simon/journal/20061211.html} },
  month        = December,
  year         = 2006,
  note         = { (visited on December 4, 2022) }
}

@article {Chen2011,
  author       = { T.~Chen and others },
  title        = { {Feature-Based Matrix Factorization} },
  journal      = { {\tt arXiv:1109.2271 [cs.AI]} },
  year         = 2011,
  month        = September
}

@inproceedings {10.5555/1795114.1795167,
  author       = { S.~Rendle and others },
  title        = { {BPR: Bayesian Personalized Ranking from Implicit Feedback} },
  booktitle    = { Proceedings of the Twenty-Fifth Conference on Uncertainty in Artificial Intelligence },
  year         = 2009,
  pages        = { 452--461 },
}

@inproceedings {Karatzoglou2010,
  author       = { A.~Karatzoglou and others },
  title        = { {Multiverse Recommendation: N-Dimensional Tensor Factorization for Context-Aware Collaborative Filtering} },
  booktitle    = { Proceedings of RecSys 2010 },
  year         = 2010,
  pages        = { 79--86 },
  month        = September
}

@incollection {Lops2011,
  author       = { P.~Lops and others },
  title        = { {Content-Based Recommender Systems: State of the Art and Trends} },
  booktitle    = { Recommender Systems Handbook },
  year         = 2011,
  chapter      = { 3 },
  pages        = { 73--105 }
}

@inproceedings {Geuens2015,
  author       = { S.~Geuens },
  title        = { {Factorization Machines for Hybrid Recommendation Systems Based on Behavioral, Product, and Customer Data} },
  booktitle    = { Proceedings of RecSys 2015 },
  year         = 2015,
  pages        = { 379--382 },
  month        = September
}

@article {Rendle2012-1,
  author       = { S.~Rendle },
  title        = { {Factorization Machines with libFM} },
  journal      = { ACM Transactions on Intelligent Systems and Technology },
  year         = 2012,
  month        = May,
  volume       = 3,
  number       = 3
}

@inproceedings {Rendle2012-2,
  author       = { S.~Rendle },
  title        = { {Learning Recommender Systems with Adaptive Regularization} },
  booktitle    = { Proceedings of WSDM 2012 },
  year         = 2012,
  pages        = { 133--142 },
  month        = February
}

@article {Rendle2012-3,
  author       = { S.~Rendle },
  title        = { {Social Network and Click-Through Prediction with Factorization Machines} },
  journal      = { KDD Cup Workshop 2012 },
  year         = 2012
}

@inproceedings {michiels2022recpack,
  author       = { L.~Michiels and others },
  title        = { {RecPack: An (Other) Experimentation Toolkit for Top-N Recommendation using Implicit Feedback Data} },
  booktitle    = { {Proceedings of RecSys 2022} },
  year         = 2022,
  pages        = { 648--651 }
}

@incollection {shani2011evaluating,
  author       = { G.~Shani and A.~Gunawardana },
  title        = { {Evaluating Recommendation Systems} },
  booktitle    = { Recommender Systems Handbook },
  year         = 2011,
  pages        = { 257--297 }
}

@article {kotkov2016survey,
  author       = { D.~Kotkov and others },
  title        = { {A Survey of Serendipity in Recommender Systems} },
  journal      = { Knowledge-Based Systems },
  year         = 2016,
  pages        = { 180--192 },
  volume       = 111,
}

@inproceedings {ziegler2005improving,
  author       = { Cai-Nicolas Ziegler and others },
  title        = { {Improving Recommendation Lists through Topic Diversification} },
  booktitle    = { Proceedings of the 14th International Conference on World Wide Web },
  year         = 2005,
  pages        = { 22--32 }
}

@book {balbaert2019julia,
  author       = { I.~Balbaert and A.~Salceanu },
  title        = { {Julia 1.0 Programming Complete Reference Guide: Discover Julia, a High-Performance Language for Technical Computing} },
  publisher    = { Packt Publishing Ltd },
  year         = 2019
}

@book {salceanu2018julia,
  author       = { A.~Salceanu },
  title        = { {Julia Programming Projects: Learn Julia 1.x by Building Apps for Data Analysis, Visualization, Machine Learning, and the Web} },
  publisher    = { Packt Publishing Ltd },
  year         = 2018
}

@inproceedings {Aharon2013,
  author       = { M.~Aharon and others },
  title        = { {OFF-Set: One-Pass Factorization of Feature Sets for Online Recommendation in Persistent Cold Start Settings} },
  booktitle    = { {Proceedings of RecSys 2013} },
  year         = 2013,
  pages        = { 375--378 },
  month        = October
}

@inproceedings {Bennett07thenetflix,
  author       = { J.~Bennett and S.~Lanning },
  title        = { {The Netflix Prize} },
  booktitle    = { In KDD Cup and Workshop (in conjunction with KDD) },
  year         = 2007
}

@book {Manning2008,
  author       = { C.~D.~Manning and others },
  title        = { {Introduction to Information Retrieval} },
  publisher    = { Cambridge University Press },
  year         = 2008
}

@article {milano2020recommender,
  author       = { S.~Milano and others },
  title        = { {Recommender Systems and Their Ethical Challenges} },
  journal      = { AI \& Society },
  year         = 2020,
  pages        = { 957--967 },
  volume       = 35,
  number       = 4,
}